@article{peskin1972flow,
  title={Flow patterns around heart valves: a numerical method},
  author={Peskin, Charles S},
  journal={Journal of computational physics},
  volume={10},
  number={2},
  pages={252--271},
  year={1972},
  publisher={Elsevier}
}

@article{mcqueen1997shared,
  title={Shared-memory parallel vector implementation of the immersed boundary method for the computation of blood flow in the beating mammalian heart},
  author={McQueen, David and Peskin, Charles},
  journal={The Journal of Supercomputing},
  volume={11},
  number={3},
  pages={213--236},
  year={1997},
  publisher={Springer}
}

@article{arthurs1998modeling,
  title={Modeling arteriolar flow and mass transport using the immersed boundary method},
  author={Arthurs, Kayne M and Moore, Leon C and Peskin, Charles S and Pitman, E Bruce and Layton, HE},
  journal={Journal of Computational Physics},
  volume={147},
  number={2},
  pages={402--440},
  year={1998},
  publisher={Elsevier}
}


@article{griffith2009simulating,
  title={Simulating the fluid dynamics of natural and prosthetic heart valves using the immersed boundary method},
  author={Griffith, Boyce E and Luo, Xiaoyu and McQueen, David M and Peskin, Charles S},
  journal={International Journal of Applied Mechanics},
  volume={1},
  number={01},
  pages={137--177},
  year={2009},
  publisher={World Scientific}
}

@article{lai2000immersed,
  title={An immersed boundary method with formal second-order accuracy and reduced numerical viscosity},
  author={Lai, Ming-Chih and Peskin, Charles S},
  journal={Journal of computational Physics},
  volume={160},
  number={2},
  pages={705--719},
  year={2000},
  publisher={Elsevier}
}

@misc{balboa2011staggered,
  title={Staggered Schemes for Incompressible Fluctuating Hydrodynamics},
  author={Balboa, F and Bell, J and Delgado-Buscallioni, R and Donev, A and Fai, T and Griffith, B and Peskin, C},
  year={2011},
  publisher={Submitted}
}

@article{devendran2012immersed,
  title={An immersed boundary energy-based method for incompressible viscoelasticity},
  author={Devendran, Dharshi and Peskin, Charles S},
  journal={Journal of Computational Physics},
  volume={231},
  number={14},
  pages={4613--4642},
  year={2012},
  publisher={Elsevier}
}


@article{kim2016penalty,
  title={A penalty immersed boundary method for a rigid body in fluid},
  author={Kim, Yongsam and Peskin, Charles S},
  journal={Physics of Fluids},
  volume={28},
  number={3},
  pages={033603},
  year={2016},
  publisher={AIP Publishing LLC}
}


@article{MPIreport2018,
  title={\url{https://net.cgu.edu/faculty/chugunom/MPI2018Report6.pdf}},
  author={},
  journal={},
  volume={},
  pages={},
  year={2018},
  publisher={}
}

@article{lorstad2004assessment,
  title={Assessment of volume of fluid and immersed boundary methods for droplet computations},
  author={L{\"o}rstad, Daniel and Francois, Marianne and Shyy, Wei and Fuchs, Laszlo},
  journal={International journal for numerical methods in fluids},
  volume={46},
  number={2},
  pages={109--125},
  year={2004},
  publisher={Wiley Online Library}
}

@article{popinet1999front,
  title={A front-tracking algorithm for accurate representation of surface tension},
  author={Popinet, St{\'e}phane and Zaleski, St{\'e}phane},
  journal={International Journal for Numerical Methods in Fluids},
  volume={30},
  number={6},
  pages={775--793},
  year={1999},
  publisher={Wiley Online Library}
}

@article{kim2008numerical,
  title={Numerical study of incompressible fluid dynamics with nonuniform density by the immersed boundary method},
  author={Kim, Yongsam and Peskin, Charles S},
  journal={Physics of Fluids},
  volume={20},
  number={6},
  pages={062101},
  year={2008},
  publisher={American Institute of Physics}
}

@article{huang2018improved,
  title={An improved penalty immersed boundary method for multiphase flow simulation},
  author={Huang, Wei-Xi and Guo, Wei},
  journal={International Journal for Numerical Methods in Fluids},
  volume={88},
  number={9},
  pages={447--462},
  year={2018},
  publisher={Wiley Online Library}
}

@article{leveque1997immersed,
  title={Immersed interface methods for Stokes flow with elastic boundaries or surface tension},
  author={LeVeque, Randall J and Li, Zhilin},
  journal={SIAM Journal on Scientific Computing},
  volume={18},
  number={3},
  pages={709--735},
  year={1997},
  publisher={SIAM}
}

@article{popinet2018numerical,
  title={Numerical models of surface tension},
  author={Popinet, St{\'e}phane},
  journal={Annual Review of Fluid Mechanics},
  volume={50},
  pages={49--75},
  year={2018},
  publisher={Annual Reviews}
}

@article{tryggvason2001front,
  title={A front-tracking method for the computations of multiphase flow},
  author={Tryggvason, Gr{\'e}tar and Bunner, Bernard and Esmaeeli, Asghar and Juric, Damir and Al-Rawahi, N and Tauber, W and Han, J and Nas, S and Jan, Y-J},
  journal={Journal of computational physics},
  volume={169},
  number={2},
  pages={708--759},
  year={2001},
  publisher={Elsevier}
}

@article{johansson2018molecular,
  title={Molecular origin of contact line friction in dynamic wetting},
  author={Johansson, Petter and Hess, Berk},
  journal={Physical Review Fluids},
  volume={3},
  number={7},
  pages={074201},
  year={2018},
  publisher={APS}
}

@article{qian2004power,
  title={Power-law slip profile of the moving contact line in two-phase immiscible flows},
  author={Qian, Tiezheng and Wang, Xiao-Ping and Sheng, Ping},
  journal={Physical review letters},
  volume={93},
  number={9},
  pages={094501},
  year={2004},
  publisher={APS}
}

@article{dussan1979spreading,
  title={On the spreading of liquids on solid surfaces: static and dynamic contact lines},
  author={Dussan, EB},
  journal={Annual Review of Fluid Mechanics},
  volume={11},
  number={1},
  pages={371--400},
  year={1979},
  publisher={Annual Reviews 4139 El Camino Way, PO Box 10139, Palo Alto, CA 94303-0139, USA}
}

@article{johansson2015water,
  title={Water--substrate physico-chemistry in wetting dynamics},
  author={Johansson, Petter and Carlson, Andreas and Hess, Berk},
  journal={Journal of Fluid Mechanics},
  volume={781},
  pages={695--711},
  year={2015},
  publisher={Cambridge University Press}
}

@article{sui2014numerical,
  title={Numerical simulations of flows with moving contact lines},
  author={Sui, Yi and Ding, Hang and Spelt, Peter DM},
  journal={Annual Review of Fluid Mechanics},
  volume={46},
  pages={97--119},
  year={2014},
  publisher={Annual Reviews}
}

@article{liu2015diffuse,
  title={A diffuse-interface immersed-boundary method for two-dimensional simulation of flows with moving contact lines on curved substrates},
  author={Liu, Hao-Ran and Ding, Hang},
  journal={Journal of Computational Physics},
  volume={294},
  pages={484--502},
  year={2015},
  publisher={Elsevier}
}

@article{lai2010numerical,
  title={Numerical simulation of moving contact lines with surfactant by immersed boundary method},
  author={Lai, Ming-Chih and Tseng, Yu-Hau and Huang, Huaxiong and others},
  journal={Communications in Computational Physics},
  volume={8},
  number={4},
  pages={735},
  year={2010}
}


@article{lai2008immersed,
  title={An immersed boundary method for interfacial flows with insoluble surfactant},
  author={Lai, Ming-Chih and Tseng, Yu-Hau and Huang, Huaxiong},
  journal={Journal of Computational Physics},
  volume={227},
  number={15},
  pages={7279--7293},
  year={2008},
  publisher={Elsevier}
}

@article{hou1994removing,
  title={Removing the stiffness from interfacial flows with surface tension},
  author={Hou, Thomas Y and Lowengrub, John S and Shelley, Michael J},
  journal={Journal of Computational Physics},
  volume={114},
  number={2},
  pages={312--338},
  year={1994},
  publisher={Elsevier}
}

@article{manservisi2009variational,
  title={A variational approach to the contact angle dynamics of spreading droplets},
  author={Manservisi, S and Scardovelli, R},
  journal={Computers \& fluids},
  volume={38},
  number={2},
  pages={406--424},
  year={2009},
  publisher={Elsevier}
}

@article{muradoglu2010front,
  title={A front-tracking method for computational modeling of impact and spreading of viscous droplets on solid walls},
  author={Muradoglu, Metin and Tasoglu, Savas},
  journal={Computers \& Fluids},
  volume={39},
  number={4},
  pages={615--625},
  year={2010},
  publisher={Elsevier}
}

@incollection{turek2021numerical,
  title={Numerical simulation and benchmarking of drops and bubbles},
  author={Turek, Stefan and Mierka, Otto},
  booktitle={Handbook of Numerical Analysis},
  volume={22},
  pages={419--465},
  year={2021},
  publisher={Elsevier}
}

@misc{ib_matlab,
  author = {Peskin, Charles},
  title = {IB-MATLAB},
  year = {2019},
  publisher = {GitHub},
  journal = {GitHub repository},
  howpublished = {\url{https://github.com/ModelingSimulation/IB-MATLAB}},
  commit = {2593516739662a0fe99504c7adab4549b276bf13}
}

@article{peskin2002immersed,
  title={The immersed boundary method},
  author={Peskin, Charles S},
  journal={Acta numerica},
  volume={11},
  pages={479--517},
  year={2002},
  publisher={Cambridge University Press}
}


@article{sanaei2021flight,
  title={Flight stability of wedges},
  author={Sanaei, Pejman and Sun, Guanhua and Li, Huilin and Peskin, Charles S and Ristroph, Leif},
  journal={Journal of Fluids and Structures},
  volume={101},
  pages={103218},
  year={2021},
  publisher={Elsevier}
}


@article{quian2003generalized,
  title={Generalized Navier boundary condition for the moving contact line},
  author={Quian, Tiezheng and Wang, Xiao-Ping and Sheng, Ping and others},
  journal={Communications in Mathematical Sciences},
  volume={1},
  number={2},
  pages={333--341},
  year={2003},
  publisher={International Press of Boston}
}